<record><leader>00000cas a22000007a 4500</leader><controlfield tag="001">17935814</controlfield><controlfield tag="008">880511d19681978ohudn ne      0    0eng d</controlfield><datafield ind1=" " ind2=" " tag="010"><subfield code="a">sn 88078541 </subfield></datafield><datafield ind1=" " ind2=" " tag="040"><subfield code="a">ONP</subfield><subfield code="b">eng</subfield><subfield code="c">ONP</subfield><subfield code="d">OCLCQ</subfield></datafield><datafield ind1=" " ind2=" " tag="042"><subfield code="a">msc</subfield></datafield><datafield ind1="0" ind2="4" tag="245"><subfield code="a">The Shelby daily globe and Tiro world.</subfield></datafield><datafield ind1=" " ind2=" " tag="260"><subfield code="a">Shelby, Ohio :</subfield><subfield code="b">Stambaugh &amp; Gove,</subfield><subfield code="c">1968-1978.</subfield></datafield><datafield ind1=" " ind2=" " tag="310"><subfield code="a">Daily (except Sun.)</subfield></datafield><datafield ind1="0" ind2=" " tag="362"><subfield code="a">69th year, no. 164 (Nov. 3, 1968)-77th year, no. 3 (Apr. 26, 1978).</subfield></datafield><datafield ind1=" " ind2=" " tag="752"><subfield code="a">United States</subfield><subfield code="b">Ohio</subfield><subfield code="c">Richland</subfield><subfield code="d">Shelby.</subfield></datafield><datafield ind1=" " ind2=" " tag="752"><subfield code="a">United States</subfield><subfield code="b">Ohio</subfield><subfield code="c">Crawford</subfield><subfield code="d">Tiro.</subfield></datafield><datafield ind1="0" ind2="4" tag="780"><subfield code="t">Shelby daily globe (Shelby, Ohio : 1962)</subfield><subfield code="w">(DLC)sn 88078542</subfield></datafield><datafield ind1="0" ind2="4" tag="780"><subfield code="t">Tiro world</subfield><subfield code="w">(DLC)sn 85042639</subfield></datafield><datafield ind1="0" ind2="0" tag="785"><subfield code="t">Shelby daily globe (Shelby, Ohio : 1978)</subfield><subfield code="w">(DLC)sn 88078540</subfield></datafield></record>